--- COMMENTS may be placed outside the @ENTRYTYPE{ ... } stuctures
--- CMS guidelines
---- Every journal article citation should include the DOI, assuming one exists.
---- All URLs for CMS notes, ANs, etc, should refer to the CDS server, not the CMS server. Use our standard format for them, as shown below.
----  CMS Notes not available on CDS are regarded as private and may not be cited.
----  CMS physics papers (i.e., those intended for publication in journals) may reference only POG PASs, not PAG PASs.
---- For papers by collaborations, list the collaboration in the COLLABOROATION field and put the first author and "and others" in the AUTHOR field.
----  If only the collaboration is listed as the author, put "{XXX Collaboration}" under AUTHOR.
----  Note that we automatically replace the AUTHOR field with the collaboration name for ATLAS, CMS, LHCb, and ATLAS at submission time. Please don't remove the
----  "First Author and others" in the AUTHOR field.
---- Other items:
----   PAGES: Please only list the first page, not the range.
----   ISSUE: Please do not include in most cases.
----   URL: Do not include this field if a DOI is available.
---- Number of authors to list:
----   PRL requests that we include all authors up to fifteen except for large collaborations, and we take this as our internal guide as well. If there
----   are more than fifteen, just list the first author + "and others", as above.
----   The individual journal bib style file (theirs, ours, PLB, etc.) will truncate at the appropriate point. We have ours set to _1_ for more than four.
---- Use only the URL field instead of embedding an href.
---- A reference only published on the arXiv should be listed as UNPUBLISHED (with a note "Submitted to XXX" for large collaboration papers).
----   Experimental papers only on the arXiv and not submitted for publication may not be cited.
---- Some journals will lowercase the title: use {} to protect words which must be capitalized, e.g., {LHC}, {TeV}, {CERN}, {CMS}.
----  Do not escape the entire title as it will then clash with the journal style.
---- Journal names: the journals generally include the series in the journal name, "Physical Review D", vol 5, rather than PR D5
---- >>> Please use the --preview option with the tdr script to perform a simple-minded reference check before uploading.
%
%
%    Many commonly cited papers are available under svn+ssh://svn.cern.ch/reps/tdr/utils/branches/dev/general/gen.bib and utils/trunk/higgs.bin.

% -------------------------------------
% Introduction
% -------------------------------------
@ARTICLE{patisalam,
    AUTHOR       = "Pati, J. C. and Salam, A.",
    TITLE        = "Lepton Number as the Fourth Color",
    JOURNAL      = "Phys. Rev. D",
    VOLUME       = "10",
    PAGES        = "275",
    doi          = "10.1103/PhysRevD.10.275",
    YEAR         = "1974"
}
@ARTICLE{guts,
    AUTHOR       = "Georgi, H. and Glashow, S.",
    TITLE        = "Unity of All Elementary-Particle Forces",
    JOURNAL      = "Phys. Rev. Lett.",
    VOLUME       = "32",
    PAGES        = "438",
    doi          = "10.1103/PhysRevLett.32.438",
    YEAR         = "1974"
}
@ARTICLE{composite,
     author         = "Schrempp, B. and Schrempp, F.",
     title          = "Light Leptoquarks",
     journal        = "Phys. Lett. B",
     volume         = "153",
     pages          = "101",
     doi            = "10.1016/0370-2693(85)91450-9",
     year           = "1985"
}
@ARTICLE{technicolor1,
    AUTHOR       = "Dimopoulos, S. and Susskind, L.",
    TITLE        = "Mass Without Scalars",
    JOURNAL      = "Nucl. Phys. B",
    VOLUME       = "155",
    PAGES        = "237",
    doi          = "10.1016/0550-3213(81)90304-7",
    YEAR         = "1979"
}
@ARTICLE{technicolor2,
    AUTHOR       = "Dimopoulos, S.",
    TITLE        = "Technicolored Signatures",
    JOURNAL      = "Nucl. Phys. B",
    VOLUME       = "168",
    PAGES         = "69",
    doi          = "10.1016/0550-3213(80)90277-1",
    YEAR         = "1980"
}
@ARTICLE{technicolor3,
    AUTHOR       = "Eichten, E. and Lane, K.",
    TITLE        = "Dynamical Breaking of the Weak Interaction Symmetries",
    JOURNAL      = "Phys. Lett. B",
    VOLUME       = "90",
    PAGES        = "85",
    doi          = "10.1016/0370-2693(80)90065-9",
    YEAR         = "1980"
}
@ARTICLE{superstring_e6,
  author = {Hewett, J. L. and Rizzo, T. G.},
   title = "{Low-energy phenomenology of superstring-inspired E$_{6}$ models}",
 journal = {Phys. Lett.},
    year = 1989,
  volume = 183,
   pages = {193},
     doi = {10.1016/0370-1573(89)90071-9}
}
@article{pdg2014,
      author         = "Olive, K. A. and others",
      title          = "{Review of Particle Physics}",
      collaboration  = "Particle Data Group",
      journal        = "Chin. Phys.",
      volume         = "C38",
      year           = "2014",
      pages          = "090001",
      doi            = "10.1088/1674-1137/38/9/090001",
      SLACcitation   = "%%CITATION = CHPHD,C38,090001;%%"
}
@ARTICLE{Buchmuller,
     AUTHOR       = "Buchm{\"u}ller, W. and Wyler, D.",
     TITLE        = "Constraints on SU(5)-type Leptoquarks",
     JOURNAL      = "Phys. Lett. B",
     VOLUME       = "177",
     PAGES         = "377",
     YEAR         = "1986",
     DOI           = "10.1016/0370-2693(86)90771-9"
}
@ARTICLE{FCNC,
     AUTHOR       = "Shanker, O.",
     TITLE        = "$\pi$l2, Kl3, and K$^0$-$\bar{K^0}$ Constraints on Leptoquarks and Supersymmetric Particles",
     JOURNAL      = "Nucl. Phys. B",
     VOLUME       = "204",
     PAGES        = "375",
     doi          = "10.1016/0550-3213(82)90196-1",
     YEAR         = "1982"
}
@article{exo-12-041-paper,
      author         = "Khachatryan, Vardan and others",
      title          = "{Search for pair production of first and second
                        generation leptoquarks in proton-proton collisions at
                        sqrt(s) = 8 TeV}",
      collaboration  = "CMS",
      journal        = "Phys. Rev.",
      volume         = "D93",
      year           = "2016",
      number         = "3",
      pages          = "032004",
      doi            = "10.1103/PhysRevD.93.032004",
      eprint         = "1509.03744",
      archivePrefix  = "arXiv",
      primaryClass   = "hep-ex",
      reportNumber   = "CMS-EXO-12-041, CERN-PH-EP-2015-197",
      SLACcitation   = "%%CITATION = ARXIV:1509.03744;%%"
}
@article{atlasLQ8TeVpaper,
      author         = "Aad, Georges and others",
      title          = "{Searches for scalar leptoquarks in pp collisions at
                        ${\sqrt{s}}$ = 8 TeV with the ATLAS detector}",
      collaboration  = "ATLAS",
      journal        = "Eur. Phys. J.",
      volume         = "C76",
      year           = "2016",
      number         = "1",
      pages          = "5",
      doi            = "10.1140/epjc/s10052-015-3823-9",
      eprint         = "1508.04735",
      archivePrefix  = "arXiv",
      primaryClass   = "hep-ex",
      reportNumber   = "CERN-PH-EP-2015-179",
      SLACcitation   = "%%CITATION = ARXIV:1508.04735;%%"
}



% -------------------------------------
% Data and MC Samples
% -------------------------------------
@Article{geant1,
     author    = "Agostinelli, S. and others",
     collaboration = "GEANT4",
     title     = "{GEANT4: A simulation toolkit}",
     journal   = "Nucl. Instrum. Meth.",
     volume    = "A506",
     year      = "2003",
     pages     = "250-303",
     doi       = "10.1016/S0168-9002(03)01368-8",
     SLACcitation  = "%%CITATION = NUIMA,A506,250;%%"
}
 
@Article{geant2,
     author    = "Allison, John and others",
     title     = "{Geant4 developments and applications}",
     journal   = "IEEE Trans. Nucl. Sci.",
     volume    = "53",
     year      = "2006",
     pages     = "270",
     doi       = "10.1109/TNS.2006.869826",
     SLACcitation  = "%%CITATION = IETNA,53,270;%%"
}

@ARTICLE{madgraph1,
   AUTHOR       = "F. Maltoni and T. Stelzer",
   TITLE        = "Madevent: Automatic Event Generation with MadGraph",
   JOURNAL      = "JHEP",
   VOLUME       = "02",
   PAGES        = "027",
   doi          = "10.1088/1126-6708/2003/02/027",
   eprint       = "hep-ph/0208156",
   YEAR         = "2003"
}
%arXiv:hep-ph/0208156.
@ARTICLE{madgraph2,
   AUTHOR       = "J. Alwall and others",
   TITLE        = "MadGraph/MadEvent v4: The New Web Generation",
   JOURNAL      = "JHEP",
   VOLUME       = "09",
   PAGES        = "028",
   doi          = "10.1088/1126-6708/2007/09/028",
   archivePrefix  = "arXiv",
   eprint       = "0706.2334",
   YEAR         = "2007"
}
%arXiv:0706.2334.

@ARTICLE{powheg,
    AUTHOR      = "Alioli, S. and others",
    TITLE       = "A general framework for implementing NLO calculations in shower Monte Carlo programs: the POWHEG BOX",
    JOURNAL     = "JHEP",
    VOLUME      = "06",
    PAGES       = "043",
    doi         = "10.1007/JHEP06(2010)043",
    eprint    = "1002.2581",
    archivePrefix = "arXiv",
    primaryClass  =  "hep-ph",
    YEAR        = "2010"
}
@ARTICLE{pythia,
    AUTHOR      = "Sj{\"o}strand, T. and others",
    TITLE       = "High Energy Physics Event Generation with PYTHIA 6.1",
    JOURNAL     = "Comput. Phys. Commun.",
    VOLUME      = "135",
    PAGES       = "238",
    doi         = "10.1016/S0010-4655(00)00236-8",
    eprint      = "hep-ph/0010017",
    YEAR        = "2001"
}
@article{pythia8,
      author         = "Sj{\"o}strand, Torbj{\"o}rn and Mrenna, Stephen and Skands, Peter
                        Z.",
      title          = "{A Brief Introduction to PYTHIA 8.1}",
      journal        = "Comput. Phys. Commun.",
      volume         = "178",
      year           = "2008",
      pages          = "852-867",
      doi            = "10.1016/j.cpc.2008.01.036",
      eprint         = "0710.3820",
      archivePrefix  = "arXiv",
      primaryClass   = "hep-ph",
      reportNumber   = "CERN-LCGAPP-2007-04, LU-TP-07-28,
                        FERMILAB-PUB-07-512-CD-T",
      SLACcitation   = "%%CITATION = ARXIV:0710.3820;%%"
}
@article{cuetp8m1Tune,
      author         = "Khachatryan, Vardan and others",
      title          = "{Event generator tunes obtained from underlying event and
                        multiparton scattering measurements}",
      collaboration  = "CMS",
      journal        = "Eur. Phys. J.",
      volume         = "C76",
      year           = "2016",
      number         = "3",
      pages          = "155",
      doi            = "10.1140/epjc/s10052-016-3988-x",
      eprint         = "1512.00815",
      archivePrefix  = "arXiv",
      primaryClass   = "hep-ex",
      reportNumber   = "CMS-GEN-14-001, CERN-PH-EP-2015-291",
      SLACcitation   = "%%CITATION = ARXIV:1512.00815;%%"
}
@article{nnpdf2p3lo,
      author         = "Ball, Richard D. and others",
      title          = "{Parton distributions with LHC data}",
      journal        = "Nucl. Phys.",
      volume         = "B867",
      year           = "2013",
      pages          = "244-289",
      doi            = "10.1016/j.nuclphysb.2012.10.003",
      eprint         = "1207.1303",
      archivePrefix  = "arXiv",
      primaryClass   = "hep-ph",
      reportNumber   = "EDINBURGH-2012-08, IFUM-FT-997, FR-PHENO-2012-014,
                        RWTH-TTK-12-25, CERN-PH-TH-2012-037, SFB-CPP-12-47",
      SLACcitation   = "%%CITATION = ARXIV:1207.1303;%%"
}
@ARTICLE{cteq,
    AUTHOR      = "Pumplin, J. and others",
    Title       = "New Generation of Parton Distributions with Uncertainties from Global QCD Analysis",
    JOURNAL     = "JHEP",
    VOLUME      = "07",
    PAGES       = "012",
    doi         = "10.1088/1126-6708/2002/07/012",
    eprint      = "hep-ph/0201195",
    YEAR        = "2002"
}
@article{lqCrossSection,
      author         = "Kramer, M. and Plehn, T. and Spira, M. and Zerwas, P. M.",
      title          = "{Pair production of scalar leptoquarks at the Tevatron}",
      journal        = "Phys. Rev. Lett.",
      volume         = "79",
      year           = "1997",
      pages          = "341-344",
      doi            = "10.1103/PhysRevLett.79.341",
      eprint         = "hep-ph/9704322",
      archivePrefix  = "arXiv",
      primaryClass   = "hep-ph",
      reportNumber   = "RAL-97-017, RAL-97-17, DESY-97-063, CERN-TH-97-067,
                        CERN-TH-97-67",
      SLACcitation   = "%%CITATION = HEP-PH/9704322;%%"
}
@ARTICLE{lqCrossSection2005,
   AUTHOR        = "Kr{\"a}mer, M and others",
   TITLE         = "Pair production of scalar leptoquarks at the CERN LHC",
   JOURNAL       = "Phys. Rev. D",
   VOLUME        = "71",
   YEAR          = "2005"
}
  
%
% object reconstruction
%
@article{electronRecoPaper,
  author={},
  title={Performance of electron reconstruction and selection with the CMS detector in proton-proton collisions at sqrt{s} = 8 TeV},
  journal={Journal of Instrumentation},
  collaboration = {CMS Collaboration},
  volume={10},
  number={06},
  pages={P06005},
  url={http://stacks.iop.org/1748-0221/10/i=06/a=P06005},
  year={2015}
}
@article{muonRecoPaper,
      title         = "{Muon Reconstruction and Identification Improvements for
                       Run-2 and First Results with 2015 Run Data}",
      collaboration = "CMS Collaboration",
      month         = "Jul",
      year          = "2015",
      reportNumber  = "CMS-DP-2015-015",
      url           = "http://cds.cern.ch/record/2037372",
}
@TECHREPORT{pflowPAS,
     TITLE       = "Commissioning of the Particle-Flow Reconstruction in Minimum-Bias and Jet Events from {\Pp\Pp} Collisions at 7 {TeV}",
     AUTHOR      = "{CMS Collaboration}",
     URL         = "http://cdsweb.cern.ch/record/1279341",
     TYPE        = "CMS Physics Analysis Summary",
     NUMBER      = "CMS-PAS-PFT-10-002",
     YEAR        = "2010"
}
@ARTICLE{antikt,
    AUTHOR       = "Cacciari, M. and Salam, G. P. and Soyez, G.",
    TITLE        = "The anti-$k_t$ jet clustering algorithm",
    JOURNAL      = "JHEP",
    VOLUME       = "04",
    PAGES        = "063",
    doi          = "10.1088/1126-6708/2008/04/063",
   archivePrefix  = "arXiv",
    eprint       = "0802.1189",
    YEAR         = "2008"
}
@ARTICLE{jetCorrPaper,
  author    = "Chatrchyan, S. and others",
  COLLABORATION = "CMS",
   title = "{Determination of jet energy calibration and transverse momentum resolution in CMS}",
  journal = "JINST",
  archivePrefix  = "arXiv",
  eprint       = "1107.4277",
  year = 2011,
  volume = 6,
  pages = {11002},
  doi = {10.1088/1748-0221/6/11/P11002},
  adsurl = {http://adsabs.harvard.edu/abs/2011JInst...611002C},
 adsnote = {Provided by the SAO/NASA Astrophysics Data System}
}
@ARTICLE{pfjetID,
    COLLABORATION = "CMS",
    TITLE         = "Particle Flow Jet Identification Criteria",
    JOURNAL       = "CMS Physics Analysis Note: AN-2010/003",
    YEAR          = "2010"
}

%
% event selection
%
@techreport{CMS-PAS-EXO-15-005,
      title         = "{Search for a Narrow Resonance Produced in 13 TeV pp
                       Collisions Decaying to Electron Pair or Muon Pair Final
                       States}",
      institution   = "CERN",
      collaboration = "CMS Collaboration",
      address       = "Geneva",
      number        = "CMS-PAS-EXO-15-005",
      year          = "2015",
      reportNumber  = "CMS-PAS-EXO-15-005",
      url           = "http://cds.cern.ch/record/2114855",
}
@misc{samHarperPrivateComm,
  author = "Harper, Sam",
  date = "2016-03-21",
  howpublished = "Private communication"
}
@article{asymptPaper,
      author         = "Cowan, Glen and Cranmer, Kyle and Gross, Eilam and
                        Vitells, Ofer",
      title          = "{Asymptotic formulae for likelihood-based tests of new
                       physics}",
      journal        = "Eur. Phys. J. C",
      volume         = "71",
      year           = "2011",
      pages          = "1554",
      doi            = "10.1140/epjc/s10052-011-1554-0,
                        10.1140/epjc/s10052-013-2501-z",
      note           = "[Erratum: Eur. Phys. J.C73,2501(2013)]",
      eprint         = "1007.1727",
      archivePrefix  = "arXiv",
      primaryClass   = "physics.data-an",
      SLACcitation   = "%%CITATION = ARXIV:1007.1727;%%"
}
@article{punzi,
      author         = "Punzi, Giovanni",
      title          = "{Sensitivity of searches for new signals and its
                        optimization}",
      booktitle      = "{Statistical problems in particle physics, astrophysics
                        and cosmology. Proceedings, Conference, PHYSTAT 2003,
                        Stanford, USA, September 8-11, 2003}",
      journal        = "eConf",
      volume         = "C030908",
      year           = "2003",
      pages          = "MODT002",
      note           = "[,79(2003)]",
      eprint         = "physics/0308063",
      archivePrefix  = "arXiv",
      primaryClass   = "physics",
      reportNumber   = "PHYSTAT-2003-MODT002",
      SLACcitation   = "%%CITATION = PHYSICS/0308063;%%"
}

%
% systematics
%
@TECHREPORT{lumiPAS,
     COLLABORATION = "CMS",
     TITLE       = "{CMS Luminosity Measurement for the 2015 Data Taking Period}",
     AUTHOR      = "{CMS Collaboration}",
     URL         = "",
     TYPE        = "CMS Physics Analysis Summary",
     NUMBER      = "CMS-PAS-LUM-15-001",
     YEAR        = "2015"
}

@article{PDF4LHC,
      author         = "Butterworth, Jon and others",
      title          = "{PDF4LHC recommendations for LHC Run II}",
      journal        = "J. Phys.",
      volume         = "G43",
      year           = "2016",
      pages          = "023001",
      doi            = "10.1088/0954-3899/43/2/023001",
      eprint         = "1510.03865",
      archivePrefix  = "arXiv",
      primaryClass   = "hep-ph",
      reportNumber   = "OUTP-15-17P, SMU-HEP-15-12, TIF-UNIMI-2015-14,
                        LCTS-2015-27, CERN-PH-TH-2015-249",
      SLACcitation   = "%%CITATION = ARXIV:1510.03865;%%"
}
 

%
% results
%
@article{cmslq8tev,
 title = {Search for pair production of first and second generation leptoquarks in proton-proton collisions at $\sqrt{s}=8\text{ }\text{ }\mathrm{TeV}$},
 author={},
 collaboration = {CMS Collaboration},
 journal = {Phys. Rev. D},
 volume = {93},
 issue = {3},
 pages = {032004},
 numpages = {32},
 year = {2016},
 month = {Feb},
 publisher = {American Physical Society},
 doi = {10.1103/PhysRevD.93.032004},
 url = {http://link.aps.org/doi/10.1103/PhysRevD.93.032004}
}
@article{heavyNu8tev,
      author={},
      collaboration = {CMS Collaboration},
      title         = "{Search for heavy neutrinos and W bosons with right-handed
                       couplings in proton-proton collisions at $\sqrt{s}$ = 8
                       TeV}",
      journal       = "Eur. Phys. J. C",
      number        = "arXiv:1407.3683. CERN-PH-EP-2014-161. CMS-EXO-13-008",
      volume        = "74",
      pages         = "3149. 59",
      month         = "Jul",
      year          = "2014",
      reportNumber  = "arXiv:1407.3683",
      url           = "http://cds.cern.ch/record/1743001",
      note          = "Replaced with published version. Added journal reference
                       and DOI",
}

@TECHREPORT{read,
  author = {Read, A. L.},
  title = {Modified frequentist analysis of search results (the $CL_{s}$
        method)},
  type={CERN-OPEN},
  number = {2000-205},
  year = {2000},
  url = "http://cdsweb.cern.ch/record/451614",
  note = "1st Workshop on Confidence Limits, CERN, Jan. 2000",
  slaccitation = {%%CITATION = CERN-OPEN-2000-205 ETC.;%%}
}



%
% Notes hosted only on CDS are listed as TECHREPORTs.
%
%
% standard article
%
@Article{Brandt:1997gi,
     author    = "Brandt, A. and others",
 collaboration = "UA8",
     title     = "Measurements of single diffraction at $\sqrt{s} =$ 630 {GeV}:
                  Evidence for  a non-linear $\alpha(t)$ of the pomeron",
     journal   = "Nucl. Phys. B",
     volume    = "514",
     year      = "1998",
     pages     = "3",
     SLACcitation  = "%%CITATION = HEP-EX 9710004;%%",
     doi       = "10.1016/S0550-3213(97)00813-4"
}
% PAS are now TECHREPORTS. Same for Notes. A formatted list of PASs is located in [svn]/utils/branches/dev/general/pasBib-tech.bib
@TECHREPORT{CMS-PAS-JME-10-003,
      AUTHOR      = "{CMS Collaboration}",
      COLLABORATION = {CMS},
      TITLE       = "Jet Performance in pp Collisions at $\sqrt{s}$=7 {TeV}",
      URL         = "http://cdsweb.cern.ch/record/1279362",
      TYPE     = "CMS Physics Analysis Summary",
      NUMBER      = "CMS-PAS-JME-10-003",
      YEAR        = "2010"
}
%SPIRES had this one as R. Adolphi, et. al. Wrong. Now corrected in InspireHEP.
@Article{Chatrchyan:2008zzk,
     author    = "Chatrchyan, S. and others",
     collaboration = "CMS",
     title     = "The {CMS} experiment at the {CERN} {LHC}",
     journal   = "JINST",
     volume    = "3",
     year      = "2008",
     pages     = "S08004",
     doi       = "10.1088/1748-0221/3/08/S08004",
     SLACcitation  = "%%CITATION = JINST,3,S08004;%%"
}


@inproceedings{Pich:2007vu,
      author         = "Pich, Antonio",
      title          = "{The Standard model of electroweak interactions}",
      booktitle      = "{High-energy physics. Proceedings, European School,
                        Aronsborg, Sweden, June 18-July 1, 2006}",
      url            = "http://doc.cern.ch/yellowrep/2007/2007-005/cern-2007-005.pdf",
      year           = "2007",
      pages          = "1-49",
      note           = "[,1(2007)]",
      eprint         = "0705.4264",
      archivePrefix  = "arXiv",
      primaryClass   = "hep-ph",
      reportNumber   = "IFIC-07-27, FTUV-07-0529, CERN-2008-004",
      SLACcitation   = "%%CITATION = ARXIV:0705.4264;%%"
}



@article{Pich:281332,
      author        = "Pich, Antonio",
      title         = "{Quantum chromodynamics}",
      number        = "hep-ph/9505231. FTUV-95-19. IFIC-95-19",
      pages         = "51 p",
      month         = "May",
      year          = "1995",
      reportNumber  = "hep-ph/9505231",
      url           = "https://cds.cern.ch/record/281332",
}


@article{Martin:1997ns,
      author         = "Martin, Stephen P.",
      title          = "{A Supersymmetry primer}",
      year           = "1997",
      doi            = "10.1142/9789812839657_0001, 10.1142/9789814307505_0001",
      note           = "[Adv. Ser. Direct. High Energy Phys.18,1(1998)]",
      eprint         = "hep-ph/9709356",
      archivePrefix  = "arXiv",
      primaryClass   = "hep-ph",
      reportNumber   = "FERMILAB-PUB-97-425-T",
      SLACcitation   = "%%CITATION = HEP-PH/9709356;%%"
}



@article{Csaki:1996ks,
      author         = "Csaki, Csaba",
      title          = "{The Minimal supersymmetric standard model (MSSM)}",
      journal        = "Mod. Phys. Lett.",
      volume         = "A11",
      year           = "1996",
      pages          = "599",
      doi            = "10.1142/S021773239600062X",
      eprint         = "hep-ph/9606414",
      archivePrefix  = "arXiv",
      primaryClass   = "hep-ph",
      reportNumber   = "MIT-CTP-2542",
      SLACcitation   = "%%CITATION = HEP-PH/9606414;%%"
}

@article{Fayet:1974pd,
      author         = "Fayet, Pierre",
      title          = "{Supergauge Invariant Extension of the Higgs Mechanism
                        and a Model for the electron and Its Neutrino}",
      journal        = "Nucl. Phys.",
      volume         = "B90",
      year           = "1975",
      pages          = "104-124",
      doi            = "10.1016/0550-3213(75)90636-7",
      reportNumber   = "PTENS-74-7",
      SLACcitation   = "%%CITATION = NUPHA,B90,104;%%"
}



--- COMMENTS may be placed outside the @ENTRYTYPE{ ... } stuctures
--- CMS guidelines
---- Every journal article citation should include the DOI, assuming one exists.
---- All URLs for CMS notes, ANs, etc, should refer to the CDS server, not the CMS server. Use our standard format for them, as shown below.
----  CMS Notes not available on CDS are regarded as private and may not be cited.
----  CMS physics papers (i.e., those intended for publication in journals) may reference only POG PASs, not PAG PASs.
---- For papers by collaborations, list the collaboration in the COLLABOROATION field and put the first author and "and others" in the AUTHOR field.
----  If only the collaboration is listed as the author, put "{XXX Collaboration}" under AUTHOR.
----  Note that we automatically replace the AUTHOR field with the collaboration name for ATLAS, CMS, LHCb, and ATLAS at submission time.
---- Other items:
----   PAGES: Please only list the first page, not the range.
----   ISSUE: Please do not include in most cases.
----   URL: Do not include this field if a DOI is available.
---- Number of authors to list:
----   PRL requests that we include all authors up to fifteen except for large collaborations, and we take this as our internal guide as well. If there
----   are more than fifteen, just list the first author + "and others", as above.
----   The individual journal bib style file (theirs, ours, PLB, etc.) will truncate at the appropriate point. We have ours set to _1_ for more than four.
---- Use only the URL field instead of embedding an href (this is a change in our practice).
---- A reference only published on the arXiv should be listed as UNPUBLISHED (with a note "Submitted to XXX" for large collaboration papers).
----   Experimental papers only on the arXiv and not submitted for publication may not be cited.
---- Some journals will lowercase the title: use {} to protect words which must be capitalized, e.g., {LHC}, {TeV}, {CERN}, {CMS}.
----  Do not escape the entire title as it will then clash with the journal style.
---- Journal names: the journals generally include the series in the journal name, "Physical Review D", vol 5, rather than PR D5
%
% Notes hosted only on CDS are listed as TECHREPORTs.
%
@TECHREPORT{CMS_AN_2006-027,
     AUTHOR       = "Belotelov, I. and Golutvin, I. and Bourilkov, D. and Lanyov, A. and Rogalev, E. and Savina, M. and Shmatov, S.",
     TITLE        = "Search for {ADD} extra dimensional gravity in di-muon channel with the {CMS} Detector",
     TYPE      = "CMS Note",
     NUMBER       = "2006/076",
     URL          = "http://cdsweb.cern.ch/record/962045",
     YEAR         = "2006"}
@TECHREPORT{CMS_NOTE_2006-106,
     AUTHOR       = "Aldaya, M. and Arce, P. and Caballero, J. and de la Cruz, B. and Garcia-Abia, P. and Hernandez, J. M. and Josa, M. I. and Ruiz, E.",
     TITLE        = "Discovery potential and search strategy for the Standard Model {H}iggs boson in the {$H\to ZZ^\star\to 4\mu$} decay channel using a mass-independent analysis",
     TYPE      = "CMS Note",
     NUMBER       = "2006/106",
     URL          = "http://cdsweb.cern.ch/record/962058",
     YEAR         = "2006"}
%
% standard article
%
@Article{Brandt:1997gi,
     author    = "Brandt, A. and others",
 collaboration = "UA8",
     title     = "Measurements of single diffraction at $\sqrt{s} =$ 630 {GeV}:
                  Evidence for  a non-linear $\alpha(t)$ of the pomeron",
     journal   = "Nucl. Phys. B",
     volume    = "514",
     year      = "1998",
     pages     = "3",
     SLACcitation  = "%%CITATION = HEP-EX 9710004;%%",
     doi       = "10.1016/S0550-3213(97)00813-4"
}
@ARTICLE{Buchmuller:1986zs,
     AUTHOR       = "Buchm{\"u}ller, W. and Wyler, D.",
     TITLE        = "Constraints on {SU(5)}-type leptoquarks",
     JOURNAL      = "Phys. Lett. B",
     VOLUME       = "177",
     YEAR         = "1986",
     pages        = "377",
     SLACcitation  = "%%CITATION = PHLTA,B191,442;%%",
     doi          = "10.1016/0370-2693(86)90771-9"}
@Article{PTDR2,
     author    = "{CMS Collaboration}",
     title     = "{CMS} technical design report, volume {II}: {Physics}
                  performance",
     journal   = "J. Phys. G",
     volume    = "34",
     year      = "2007",
     pages     = "995-1579",
     doi       = "10.1088/0954-3899/34/6/S01",
     SLACcitation  = "%%CITATION = JPHGB,G34,995;%%"
}
% PAS are now TECHREPORTS. Same for Notes. A formatted list of PASs is located in [svn]/utils/branches/dev/general/pasBib-tech.bib
@TECHREPORT{CMS-PAS-JME-10-003,
      AUTHOR      = "{CMS Collaboration}",
      COLLABORATION = {CMS},
      TITLE       = "Jet Performance in pp Collisions at $\sqrt{s}$=7 {TeV}",
      URL         = "http://cdsweb.cern.ch/record/1279362",
      TYPE     = "CMS Physics Analysis Summary",
      NUMBER      = "CMS-PAS-JME-10-003",
      YEAR        = "2010"
}
%SPIRES had this one as R. Adolphi, et. al. Wrong. Now corrected in InspireHEP.
% An evergreen:
@article{Beringer:1900zz,
      author         = "{Particle Data Group} and Beringer, J. and others",
      title          = "{Review of Particle Physics}",
      journal        = "Phys. Rev. D",
      volume         = "86",
      pages          = "010001",
      doi            = "10.1103/PhysRevD.86.010001",
      year           = "2012",
      SLACcitation   = "%%CITATION = PHRVA,D86,010001;%%",
}
%
% An example of a document which only appears on arXiv. This one could alternatively be cited as a TECHREPORT using any of the various laboratory report numbers when hosted on a lab server:
% reportNumber   = "CERN-PH-EP-2010-095, FERMILAB-TM-2480-PPD, LEPEWWG-2010-01, TEVEWWG-2010-01, ALEPH-2010-001-PHYSICS-2010-001, CDF-NOTE-10338, D0-NOTE-6130, DELPHI-DELPHI-2010-001-PHYS-952, L3-NOTE-2837, OPAL-PR432, SLAC-PUB-14301",
%
@UNPUBLISHED{LEPewkfits,
     author = "{ALEPH, CDF, D0, DELPHI, L3, OPAL, SLD Collaborations,
                                    the LEP Electroweak Working Group, the Tevatron Electroweak Working Group, and the SLD Electroweak and Heavy Flavour Groups}",
     title     = "Precision electroweak measurements and constraints on
the {Standard Model}",
     URL       = "http://lepewwg.web.cern.ch/LEPEWWG",
     eprint    = "1012.2367",
     archivePrefix = "arXiv",
     primaryClass  =  "hep-ex",
     year  = "2010",
     SLACcitation  = "%%CITATION = 1012.2367;%%"
}
%
% A document hosted on a laboratory server
%
@TECHREPORT{Bertram:2000br,
  author = " Bertram, I. and Landsberg, G. and Linnemann, J. and Partridge, R. and Paterno, M. and Prosper, H. B.",
  title =  "A Recipe for the construction of confidence limits",
  institution = "Fermilab",
  number     = "{TM-2104}",
  url = "http://lss.fnal.gov/archive/test-tm/2000/fermilab-tm-2104.pdf",
  year = "2000"
 }
 %
 % A document included in Proceedings. PRL may want the ADDRESS field as well.
 %
@INPROCEEDINGS{RooStats,
  AUTHOR       = "Moneta, L. and Belasco, K. and  Cranmer, K. S. and Lazzaro, A. and Piparo, D. and Schott, G. and Verkerke, W. and Wolf, M. ",
  TITLE        = "The {R}oo{S}tats {P}roject",
  BOOKTITLE = "13$^\text{th}$ International Workshop on Advanced Computing and Analysis Techniques in Physics Research (ACAT2010)",
  YEAR         = "2010",
  PUBLISHER = "SISSA",
  NOTE = "{PoS(ACAT2010)057}",
  URL          = "http://pos.sissa.it/archive/conferences/093/057/ACAT2010_057.pdf",
  eprint = "1009.1003",
  primaryClass = "physics.data-an"
}
%
% CMS/ATLAS papers submitted but not yet accepted; The SLACcitation is not required. This is only for illustration, these are now published.
% Upon acceptance the note is modified and the DOI included (if available).
%
@Unpublished{Khachatryan:2010mp,
     author    = "{CMS Collaboration}",
     collaboration = "CMS",
     title     = "Search for Pair Production of First-Generation Scalar Leptoquarks in pp Collisions at $\sqrt{s} = 7$ {TeV}",
     note  = "Submitted to \textit{Phys. Rev. Lett.}",
     eprint    = "1012.4031",
     archivePrefix = "arXiv",
     primaryClass  =  "hep-ex",
     year = "2010",
     SLACcitation  = "%%CITATION = 1012.4031;%%"
}
@Unpublished{CMS-PAPER-MUO-10-004,
     author    = "{CMS Collaboration}",
     collaboration = "CMS",
     title     = "Performance of CMS muon reconstruction in pp collision events at $\sqrt{s} = 7$\TeV",
     note  = "Submitted to \textit{J. Inst.}",
     eprint    = "1206.4071",
     archivePrefix = "arXiv",
     primaryClass  =  "physics.ins-det",
     year = "2012",
}
@Unpublished{ATLAS:2011aa,
        Archiveprefix = {arXiv},
        Author = {{ATLAS Collaboration}},
        Collaboration = {ATLAS},
        Eprint = {1112.2577},
        Note = {Submitted to \textit{Phys. Rev. Lett.}},
        Primaryclass = {hep-ex},
        Slaccitation = {%%CITATION = 1112.2577;%%},
        Title = {Search for the {H}iggs boson in the {$H\to$WW(*)$\to \ell^+ \nu \ell^- \bar{\nu}$} decay channel in pp collisions at $\sqrt{s}$ = 7 {TeV} with the {ATLAS} detector},
        Year = {2011}}
% Misc

%CMS tdr 
@Article{CMS,
     author    = "Chatrchyan, S. and others",
     collaboration = "CMS",
     title     = "The {CMS} experiment at the {CERN} {LHC}",
     journal   = "JINST",
     volume    = "3",
     year      = "2008",
     pages     = "S08004",
     doi       = "10.1088/1748-0221/3/08/S08004",
     SLACcitation  = "%%CITATION = JINST,3,S08004;%%"
}

%PF references
@ARTICLE{CMS-PAS-PFT-09-001,
      AUTHOR      = "{CMS Collaboration}",
     COLLABORATION = {CMS},
      TITLE       = "Particle Flow Event Reconstruction in CMS and Performance for Jets, Taus, and MET",
      URL         = "http://cms-physics.web.cern.ch/cms-physics/public/PFT-09-001-pas.pdf",
      JOURNAL     = "CMS Physics Analysis Summary",
      VOLUME      = "CMS-PAS-PFT-09-001",
      YEAR        = "2009"
}

@ARTICLE{CMS-PAS-PFT-10-001,
      AUTHOR      = "{CMS Collaboration}",
      COLLABORATION = {CMS},
      TITLE       = "Commissioning of the Particle-flow Event Reconstruction with the first LHC collisions recorded in the CMS detector",
      JOURNAL     = "CMS Physics Analysis Summary",
      VOLUME      = "CMS-PAS-PFT-10-001",
      YEAR        = "2010"
}

@ARTICLE{Randall-Sundrum,
      AUTHOR  = "Randall, L. and Sundrum, R.",
      TITLE   = "A large mass hierarchy from a small extra dimension", 
      JOURNAL = "Phys. Rev. Lett",
      VOLUME  = "83",
      PAGES   = "3370",
      YEAR    = "1999",
      eprint         = "hep-ph/99905221",
      archivePrefix  = "arXiv",
      primaryClass   = "hep-ph"
}

@ARTICLE{Madgraph,
      AUTHOR  = "Alwall, J. and others",
      TITLE   = "MadGraph 5: Going Beyond", 
      JOURNAL = "JHEP",
      VOLUME  = "1106",
      PAGES   = "128",
      YEAR    = "2011",
      eprint         = "hep-ph/1106.0522",
      archivePrefix  = "arXiv",
      primaryClass   = "hep-ph"
}


@Article{Sjostrand:2006za,
      author         = "Sjostrand, Torbjorn and Mrenna, Stephen and Skands, Peter",
      title          = "{PYTHIA} 6.4 physics and manual",
      journal        = "JHEP",
      volume         = "05",
      pages          = "026",
      doi            = "10.1088/1126-6708/2006/05/026",
      year           = "2006",
      eprint         = "hep-ph/0603175",
      archivePrefix  = "arXiv",
      primaryClass   = "hep-ph",
      reportNumber   = "FERMILAB-PUB-06-052-CD-T, LU-TP-06-13",
      SLACcitation   = "%%CITATION = HEP-PH/0603175;%%",
}


@Article{Herwigpp,
      author         = "Bahr, M. and others",
      title          = "Herwig++ Physics and Manual",
      journal        = "Eur.Phys.J",
      volume         = "C58",
      pages          = "639-707",
      doi            = "10.1140/epjc/s10052-008-0798-9",
      year           = "2008",
      eprint         = "arXiv:0803.0883",
      archivePrefix  = "arXiv",
}

@Article{Pythia8,
      author         = "Sjostrand, T. and Mrenna, S. and Skands, P.",
      title          = "A brief introduction to PYTHIA 8.1",
      journal        = "Comput. Phys. Comm.",
      volume         = "178",
      pages          = "852-867",
      doi            = "10.1016/j.cpc.2008.01.036",
      year           = "2008",
      eprint         = "0710.3820",
      archivePrefix  = "arXiv",
}



%% citations for CHS section
@TECHREPORT{AN-14-130,
     AUTHOR       = "E. Bouvier and V. Sordini",
     TITLE        = "CHS studies in photon+jets events",
     TYPE         = "CMS Analysis Note",
     NUMBER       = "2014/130",
     YEAR         = "2014"}

@ARTICLE{antiKT,
     AUTHOR    = "Cacciari, Matteo and Salam, Gavin P. and Soyez, Gregory",
     TITLE     = "The anti-$k_t$ jet clustering algorithm",
     JOURNAL   = "JHEP",
     VOLUME    = "04",
     YEAR      = "2008",
     PAGES     = "063",
     doi       = "10.1088/1126-6708/2008/04/063",
     eprint         = "0802.1189",
     archivePrefix  = "arXiv",
     primaryClass   = "hep-ex",
}

@article{Field:2011iq,
      author         = "Field, Rick",
      title          = "{Min-Bias and the Underlying Event at the LHC}",
      journal        = "Acta Phys.Polon.",
      volume         = "B42",
      pages          = "2631-2656",
      doi            = "10.5506/APhysPolB.42.2631",
      year           = "2011",
      eprint         = "1110.5530",
      archivePrefix  = "arXiv",
      primaryClass   = "hep-ph",
      SLACcitation   = "%%CITATION = ARXIV:1110.5530;%%",
}



@article{constsub,
      author         = "Berta, Peter and Spousta, Martin and Miller, David W. and Leitner, Rupert",
      title          = "{Particle-level pileup subtraction for jets and jet shapes}",
      journal        = "JHEP 06 (2014) 092",
      year           = "2014",
      eprint         = "1403.3108",
      archivePrefix  = "arXiv",
      primaryClass   = "hep-ph",
}

@article{cleansing,
      author         = "Krohn, David and Schwartz, Matthew and Low, Matthew and Wnag, Lian-Tao",
      title          = "{Jet Cleansing: Pileup Removal at High Luminosity}",
      year           = "2013",
      eprint         = "1309.4777v1",
      archivePrefix  = "arXiv",
      primaryClass   = "hep-ph",
}

@article{puppi,
      author         = "XXX",
      title          = "{Puppi}",
      year           = "",
      eprint         = "",
      archivePrefix  = "",
      primaryClass   = ""
}

@article{Ellis:2009me,
      author         = "Ellis, Stephen D. and Vermilion, Christopher K. and
                        Walsh, Jonathan R.",
      title          = "{Recombination Algorithms and Jet Substructure: Pruning
                        as a Tool for Heavy Particle Searches}",
      journal        = "Phys.Rev.",
      volume         = "D81",
      pages          = "094023",
      doi            = "10.1103/PhysRevD.81.094023",
      year           = "2010",
      eprint         = "0912.0033",
      archivePrefix  = "arXiv",
      primaryClass   = "hep-ph",
      SLACcitation   = "%%CITATION = ARXIV:0912.0033;%%",
}

@article{Bertolini:2014bba,
      author         = "Bertolini, Daniele and Harris, Philip and Low, Matthew
                        and Tran, Nhan",
      title          = "{Pileup Per Particle Identification}",
      year           = "2014",
      eprint         = "1407.6013",
      archivePrefix  = "arXiv",
      primaryClass   = "hep-ph",
      SLACcitation   = "%%CITATION = ARXIV:1407.6013;%%",                                                                                                                    
}

@article{Cacciari:2014jta,
      author         = "Cacciari, Matteo and Salam, Gavin P. and Soyez, Gregory",
      title          = "{On the use of charged-track information to subtract
                        neutral pileup}",
      year           = "2014",
      eprint         = "1404.7353",
      archivePrefix  = "arXiv",
      primaryClass   = "hep-ph",
      reportNumber   = "CERN-PH-TH-2014-052",
      SLACcitation   = "%%CITATION = ARXIV:1404.7353;%%",
}

@article{Krohn:2009th,
      author         = "Krohn, David and Thaler, Jesse and Wang, Lian-Tao",
      title          = "{Jet Trimming}",
      journal        = "JHEP",
      volume         = "1002",
      pages          = "084",
      doi            = "10.1007/JHEP02(2010)084",
      year           = "2010",
      eprint         = "0912.1342",
      archivePrefix  = "arXiv",
      primaryClass   = "hep-ph",
      SLACcitation   = "%%CITATION = ARXIV:0912.1342;%%",
}

@article{Larkoski:2014wba,
      author         = "Larkoski, Andrew J. and Marzani, Simone and Soyez,
                        Gregory and Thaler, Jesse",
      title          = "{Soft Drop}",
      journal        = "JHEP",
      volume         = "1405",
      pages          = "146",
      doi            = "10.1007/JHEP05(2014)146",
      year           = "2014",
      eprint         = "1402.2657",
      archivePrefix  = "arXiv",
      primaryClass   = "hep-ph",
      reportNumber   = "MIT-CTP-4531, DCPT-14-24, IPPP-14-12",
      SLACcitation   = "%%CITATION = ARXIV:1402.2657;%%",
}

@article{Dasgupta:2013ihk,
      author         = "Dasgupta, Mrinal and Fregoso, Alessandro and Marzani,
                        Simone and Salam, Gavin P.",
      title          = "{Towards an understanding of jet substructure}",
      journal        = "JHEP",
      volume         = "1309",
      pages          = "029",
      doi            = "10.1007/JHEP09(2013)029",
      year           = "2013",
      eprint         = "1307.0007",
      archivePrefix  = "arXiv",
      primaryClass   = "hep-ph",
      reportNumber   = "CERN-PH-TH-2013-145, DCPT-13-86, IPPP-13-43, LPN13-036,
                        MAN-HEP-2013-12",
      SLACcitation   = "%%CITATION = ARXIV:1307.0007;%%",
}

@article{Butterworth:2008tr,
      author         = "Butterworth, Jonathan M. and Davison, Adam R. and Rubin,
                        Mathieu and Salam, Gavin P.",
      title          = "{Jet substructure as a new Higgs search channel at the
                        LHC}",
      year           = "2008",
      eprint         = "0810.0409",
      archivePrefix  = "arXiv",
      primaryClass   = "hep-ph",
      SLACcitation   = "%%CITATION = ARXIV:0810.0409;%%",
}

@article{Dokshitzer:1997in,
      author         = "Dokshitzer, Yuri L. and Leder, G.D. and Moretti, S. and
                        Webber, B.R.",
      title          = "{Better jet clustering algorithms}",
      journal        = "JHEP",
      volume         = "9708",
      pages          = "001",
      doi            = "10.1088/1126-6708/1997/08/001",
      year           = "1997",
      eprint         = "hep-ph/9707323",
      archivePrefix  = "arXiv",
      primaryClass   = "hep-ph",
      reportNumber   = "CAVENDISH-HEP-97-06",
      SLACcitation   = "%%CITATION = HEP-PH/9707323;%%",
}

@article{1748-0221-6-11-P11002,
  author={The CMS collaboration},
  title={Determination of jet energy calibration and transverse momentum resolution in CMS},
  journal={Journal of Instrumentation},
  volume={6},
  number={11},
  pages={P11002},
  url={http://stacks.iop.org/1748-0221/6/i=11/a=P11002},
  year={2011}
}





@article{Quark1PhysRevLett.23.930,
  title = {High-Energy Inelastic $e\ensuremath{-}p$ Scattering at 6\ifmmode^\circ\else\textdegree\fi{} and 10\ifmmode^\circ\else\textdegree\fi{}},
  author = {Bloom, E. D. and Coward, D. H. and DeStaebler, H. and Drees, J. and Miller, G. and Mo, L. W. and Taylor, R. E. and Breidenbach, M. and Friedman, J. I. and Hartmann, G. C. and Kendall, H. W.},
  journal = {Phys. Rev. Lett.},
  volume = {23},
  issue = {16},
  pages = {930--934},
  numpages = {0},
  year = {1969},
  month = {Oct},
  publisher = {American Physical Society},
  doi = {10.1103/PhysRevLett.23.930},
  url = {https://link.aps.org/doi/10.1103/PhysRevLett.23.930}
}








@article{Quark2PhysRevLett.23.935,
  title = {Observed Behavior of Highly Inelastic Electron-Proton Scattering},
  author = {Breidenbach, M. and Friedman, J. I. and Kendall, H. W. and Bloom, E. D. and Coward, D. H. and DeStaebler, H. and Drees, J. and Mo, L. W. and Taylor, R. E.},
  journal = {Phys. Rev. Lett.},
  volume = {23},
  issue = {16},
  pages = {935--939},
  numpages = {0},
  year = {1969},
  month = {Oct},
  publisher = {American Physical Society},
  doi = {10.1103/PhysRevLett.23.935},
  url = {https://link.aps.org/doi/10.1103/PhysRevLett.23.935}
}





@article{Gluon,
title = "Observation of planar three-jet events in e+e− annihilation and evidence for gluon bremsstrahlung",
journal = "Physics Letters B",
volume = "91",
number = "1",
pages = "142 - 147",
year = "1980",
note = "",
issn = "0370-2693",
doi = "http://dx.doi.org/10.1016/0370-2693(80)90680-2",
url = "http://www.sciencedirect.com/science/article/pii/0370269380906802",
author = "W. Bartel and T. Canzler and D. Cords and P. Dittmann and R. Eichler and R. Felst and D. Haidt and S. Kawabata and H. Krehbiel and B. Naroska and L.H. O'Neill and J. Olsson and P. Steffen and W.L. Yen and E. Elsen and M. Helm and A. Petersen and P. Warming and G. Weber and H. Drumm and J. Heintze and G. Heinzelmann and R.D. Heuer and J. von Krogh and P. Lennert and H. Matsumura and T. Nozaki and H. Rieseberg and A. Wagner and D.C. Darvill and F. Foster and G. Hughes and H. Wriedt and J. Allison and J. Armitage and I. Duerdoth and J. Hassard and F. Loebinger and B. King and A. Macbeth and H. Mills and P.G. Murphy and H. Prosper and K. Stephens and D. Clarke and M.C. Goddard and R. Hedgecock and R. Marshall and G.F. Pearce and M. Imori and T. Kobayashi and S. Komamiya and M. Koshiba and M. Minowa and S. Orito and A. Sato and T. Suda and H. Takeda and Y. Totsuka and Y. Watanabe and S. Yamada and C. Yanagisawa",

}


@inproceedings{Fiedler:2005gu,
      author         = "Fiedler, Frank",
      title          = "{Top quark production and properties at the Tevatron}",
      booktitle      = "{Les Rencontres de physique de la Vall'ee d'Aoste,
                        results and perspectives in particle physics, La Thuile,
                        Aoste Valley, February 27 - March 5, 2005}",
      collaboration  = "CDF, D0",
      url            = "http://lss.fnal.gov/cgi-bin/find_paper.pl?conf-05-226-E",
      year           = "2005",
      pages          = "503-520",
      eprint         = "hep-ex/0506005",
      archivePrefix  = "arXiv",
      primaryClass   = "hep-ex",
      reportNumber   = "FERMILAB-CONF-05-226-E",
      SLACcitation   = "%%CITATION = HEP-EX/0506005;%%"
}






@article{Aad:2015caa,
      author         = "Aad, Georges and others",
      title          = "{Searches for scalar leptoquarks in pp collisions at
                        $\varvec{\sqrt{s}}$ = 8 TeV with the ATLAS detector}",
      collaboration  = "ATLAS",
      journal        = "Eur. Phys. J.",
      volume         = "C76",
      year           = "2016",
      number         = "1",
      pages          = "5",
      doi            = "10.1140/epjc/s10052-015-3823-9",
      eprint         = "1508.04735",
      archivePrefix  = "arXiv",
      primaryClass   = "hep-ex",
      reportNumber   = "CERN-PH-EP-2015-179",
      SLACcitation   = "%%CITATION = ARXIV:1508.04735;%%"
}




@article{PunziSignificance,
      author         = "Punzi, Giovanni",
      title          = "{Sensitivity of searches for new signals and its
                        optimization}",
      booktitle      = "{Statistical problems in particle physics, astrophysics
                        and cosmology. Proceedings, Conference, PHYSTAT 2003,
                        Stanford, USA, September 8-11, 2003}",
      journal        = "eConf",
      volume         = "C030908",
      year           = "2003",
      pages          = "MODT002",
      note           = "[,79(2003)]",
      eprint         = "physics/0308063",
      archivePrefix  = "arXiv",
      primaryClass   = "physics",
      reportNumber   = "PHYSTAT-2003-MODT002",
      SLACcitation   = "%%CITATION = PHYSICS/0308063;%%"
}


@inproceedings{PruningPic,
      author         = "Peruzzi, Marco",
      title          = "{Jet and photon physics}",
      booktitle      = "{Proceedings, 2nd Conference on Large Hadron Collider
                        Physics Conference (LHCP 2014): New York, USA, June 2-7,
                        2014}",
      collaboration  = "ATLAS, CMS",
      url            = "https://inspirehep.net/record/1319482/files/arXiv:1409.8539.pdf",
      year           = "2014",
      eprint         = "1409.8539",
      archivePrefix  = "arXiv",
      primaryClass   = "hep-ex",
      reportNumber   = "CMS-CR-2014-228",
      SLACcitation   = "%%CITATION = ARXIV:1409.8539;%%"
}










@article{XsecSUSY,
      author         = "Borschensky, Christoph and Krämer, Michael and Kulesza,
                        Anna and Mangano, Michelangelo and Padhi, Sanjay and
                        Plehn, Tilman and Portell, Xavier",
      title          = "{Squark and gluino production cross sections in pp
                        collisions at $\sqrt{s}$ = 13, 14, 33 and 100 TeV}",
      journal        = "Eur. Phys. J.",
      volume         = "C74",
      year           = "2014",
      number         = "12",
      pages          = "3174",
      doi            = "10.1140/epjc/s10052-014-3174-y",
      eprint         = "1407.5066",
      archivePrefix  = "arXiv",
      primaryClass   = "hep-ph",
      reportNumber   = "MS-TP-14-25, CERN-PH-TH-2014-137, TTK-14-13",
      SLACcitation   = "%%CITATION = ARXIV:1407.5066;%%"
}







