@article{Butterworth:2008tr,
      author         = "Butterworth, Jonathan M. and Davison, Adam R. and Rubin,
                        Mathieu and Salam, Gavin P.",
      title          = "{Jet substructure as a new Higgs search channel at the
                        LHC}",
      year           = "2008",
      eprint         = "0810.0409",
      archivePrefix  = "arXiv",
      primaryClass   = "hep-ph",
      SLACcitation   = "%%CITATION = ARXIV:0810.0409;%%",
}


@article{Dokshitzer:1997in,
      author         = "Dokshitzer, Yuri L. and Leder, G.D. and Moretti, S. and
                        Webber, B.R.",
      title          = "{Better jet clustering algorithms}",
      journal        = "JHEP",
      volume         = "9708",
      pages          = "001",
      doi            = "10.1088/1126-6708/1997/08/001",
      year           = "1997",
      eprint         = "hep-ph/9707323",
      archivePrefix  = "arXiv",
      primaryClass   = "hep-ph",
      reportNumber   = "CAVENDISH-HEP-97-06",
      SLACcitation   = "%%CITATION = HEP-PH/9707323;%%",
}

@article{Cacciari:2014jta,
      author         = "Cacciari, Matteo and Salam, Gavin P. and Soyez, Gregory",
      title          = "{On the use of charged-track information to subtract
                        neutral pileup}",
      year           = "2014",
      eprint         = "1404.7353",
      archivePrefix  = "arXiv",
      primaryClass   = "hep-ph",
      reportNumber   = "CERN-PH-TH-2014-052",
      SLACcitation   = "%%CITATION = ARXIV:1404.7353;%%",
}


@article{Chatrchyan:1662652,
      author        = "Chatrchyan  {\rm et. al},",
      title         = "{Search for new physics in the multijet and missing
                       transverse momentum final state in proton-proton collisions
                       at $\sqrt{s}$ = 8 TeV}",
      journal       = "J. High Energy Phys.",
      collaboration = "CMS Collaboration",
      number        = "arXiv:1402.4770. CMS-SUS-13-012. CERN-PH-EP-2014-015",
      volume        = "06",
      pages         = "055. 37 p",
      month         = "Feb",
      year          = "2014",
      reportNumber  = "arXiv:1402.4770",
      url           = "https://cds.cern.ch/record/1662652",
      note          = "Comments: Replaced with published version. Added journal
                       reference and DOI",
}
