@article{SUSYtheo,
      author         = "H.P. Nilles ",
      title          = "{Supersymmetry, supergravity and particle physics}",
      journal        = "Phys. Rep. ",
      volume         = "110",
      year           = "1984",
      pages          = "1",
      doi            = "10.1016/0370-1573(84)90008-5",
}



@article{Naturaln,
      author         = "S. Dimopoulos, G.F. Giudice",
      title          = "{Naturalness constraints in supersymmetric theories with nonuniversal soft terms}",
      journal        = "Phys. Lett. B ",
      volume         = "357",
      year           = "1995",
      pages          = "573",
      doi            = "10.1016/0370-2693(95)00961-J",
    %  eprint    = "9507282",
    % archivePrefix = "arXiv",
    % primaryClass  =  "hep-ph",
     
}

@article{RParity,
      author         = "G.R. Farrar and  P. Fayet",
      title          = "{Phenomenology of the production, decay, and detection of new hadronic states associated with supersymmetry}",
      journal        = "Phys. Lett. B ",
      volume         = "76",
      year           = "1978",
      pages          = "575",
      doi            = "10.1016/0370-2693(78)90858-4",
      
     
}



@article{LQ1,
      author         = " B. Schrempp and F. Schremp",
      title          = "{Light Leptoquark}",
      journal        = "Phys. Lett. B ",
      volume         = "153",
      year           = "1985",
      pages          = "101",
      doi            = "10.1016/0370-2693(85)91450-9",
      
     
}



@article{LQ2,
      author         = " S. Dimopoulos and L. Susskind",
      title          = "{Mass Without Scalar}",
      journal        = "Nucl. Phys. B ",
      volume         = "155",
      year           = "1979",
      pages          = "237",
      doi            = "10.1016/0550-3213(81)90304-7",
      
     
}


@article{LQ3,
      author         = " J. C. Pati and A. Salam",
      title          = "{Lepton Number as the Fourth Color}",
      journal        = "Phys. Rev. D ",
      volume         = "10",
      year           = "1974",
      pages          = "275",
      doi            = "10.1103/PhysRevD.10.275",
      
     
}

@article{LQ4,
      author         = "Buchmuller, W. and Wyler, D.",
      title          = "{Constraints on SU(5) Type Leptoquarks}",
      journal        = "Phys. Lett.",
      volume         = "B177",
      year           = "1986",
      pages          = "377-382",
      doi            = "10.1016/0370-2693(86)90771-9",
      reportNumber   = "CERN-TH-4461/86, ITP-UH 1/86",
      SLACcitation   = "%%CITATION = PHLTA,B177,377;%%"
}











@article{Grooming,
      author         = "Butterworth, Jonathan M. and Davison, Adam R. and Rubin,
                        Mathieu and Salam, Gavin P.",
      title          = "{Jet substructure as a new Higgs search channel at the
                        LHC}",
      journal        = "Phys. Rev. Lett.",
      volume         = "100",
      year           = "2008",
      pages          = "242001",
      doi            = "10.1103/PhysRevLett.100.242001",
     % eprint         = "0802.2470",
     % archivePrefix  = "arXiv",
     % primaryClass   = "hep-ph",
      SLACcitation   = "%%CITATION = ARXIV:0802.2470;%%"
}













@article{SMS1,
      author         = "Alwall, P. Schuster and N. Toro",
      title          = "{Simplified models for a first characterization of new physics at the LHC}",
      journal        = "Phys. Rev. D ",
      volume         = "79",
      year           = "2009",
      pages          = "075020",
      doi            = "10.1103/PhysRevD.79.075020",
     % eprint    = "0810.3921",
    % archivePrefix = "arXiv",
    % primaryClass  =  "hep-ph",
}

@article{cms,
        author         = "Chatrchyan, S. and others",
        title          = "{The CMS experiment at the CERN LHC}",
        collaboration  = "CMS",
        journal        = "JINST",
        volume         = "3",
        year           = "2008",
        pages          = "S08004",
        doi            = "10.1088/1748-0221/3/08/S08004",
        SLACcitation   = "%%CITATION = JINST,3,S08004;%%"
}



@techreport{CMS-PAS-SUS-15-002,
      title         = "{Search for supersymmetry in the multijet and missing
                       transverse momentum channel in pp collisions at 13 TeV}",
      institution   = "CERN",
      collaboration = "CMS ",
      address       = "Geneva",
      number        = "CMS-PAS-SUS-15-002",
      year          = "2015",
      reportNumber  = "CMS-PAS-SUS-15-002",
      url           = "https://cds.cern.ch/record/2114817",
}









@techreport{CMS-PAS-SUS-16-014,
      title         = "{Search for supersymmetry in events with jets and missing
                       transverse momentum
in proton-proton collisions at 13 TeV}",
      institution   = "CERN",
      collaboration = "CMS",
      address       = "Geneva",
      number        = "CMS-PAS-SUS-16-014",
      year          = "2016",
      reportNumber  = "CMS-PAS-SUS-16-014",
      url           = "https://cds.cern.ch/record/2205158",
}


@techreport{JMEPAS,
      title         = "{Study of Pileup Removal Algorithms for Jets }",
      institution   = "CERN",
      collaboration = "CMS" ,
      address       = "Geneva",
      number        = "CMS-PAS-JME-14-001",
      year          = "2016",
      reportNumber  = "CMS-PAS-JME-14-001",
      url           = "https://cds.cern.ch/record/1751454",
}




@techreport{CMS-PAS-EXO-16-043,
      title         = "{Search for pair-production of first generation scalar
                       leptoquarks in pp collisions at $\sqrt{s}=13~\mathrm{TeV}$
                       with $2.6~\mathrm{fb}^{-1}$}",
      institution   = "CERN",
      collaboration = "CMS",
      address       = "Geneva",
      number        = "CMS-PAS-EXO-16-043",
      year          = "2016",
      reportNumber  = "CMS-PAS-EXO-16-043",
      url           = "https://cds.cern.ch/record/2205285",
}








@techreport{CMS-NOTE-2011-005,
      title         = "{Procedure for the LHC Higgs boson search combination in
                       Summer 2011}",
      institution   = "CERN",
      collaboration = "The ATLAS Collaboration, The CMS Collaboration, The LHC
                       Higgs Combination Group",
      address       = "Geneva",
      number        = "CMS-NOTE-2011-005. ATL-PHYS-PUB-2011-11",
      month         = "Aug",
      year          = "2011",
      reportNumber  = "CMS-NOTE-2011-005",
      url           = "https://cds.cern.ch/record/1379837",
}









@article{Cacciari:2008gp,
      author         = "Cacciari, Matteo and Salam, Gavin P. and Soyez, Gregory",
      title          = "{The Anti-k(t) jet clustering algorithm}",
      journal        = "JHEP",
      volume         = "04",
      year           = "2008",
      pages          = "063",
      doi            = "10.1088/1126-6708/2008/04/063",
      eprint         = "0802.1189",
      archivePrefix  = "arXiv",
      primaryClass   = "hep-ph",
      reportNumber   = "LPTHE-07-03",
      SLACcitation   = "%%CITATION = ARXIV:0802.1189;%%"
}




@techreport{megajet,
      title         = "{Search for Supersymmetry using razor variables in events with
b-tagged jets in pp collisions at $\sqrt{s} =8 \rm TeV$}",
      institution   = "CERN",
      collaboration = "CMS" ,
      address       = "Geneva",
      number        = "CMS-PAS-SUS-13-004",
      year          = "2015",
      reportNumber  = "CMS-PAS-SUS-13-004",
      url           = "https://cds.cern.ch/record/1596446",
}


@article{SUSYpublic,
    journal = "http://cms-results.web.cern.ch/cms-results/public-results/preliminary-results/SUS/index.html"

}








@article{Dasgupta:2013ihk,
      author         = "Dasgupta, Mrinal and Fregoso, Alessandro and Marzani,
                        Simone and Salam, Gavin P.",
      title          = "{Towards an understanding of jet substructure}",
      journal        = "JHEP",
      volume         = "09",
      year           = "2013",
      pages          = "029",
      doi            = "10.1007/JHEP09(2013)029",
     % eprint         = "1307.0007",
    %  archivePrefix  = "arXiv",
     % primaryClass   = "hep-ph",
      reportNumber   = "CERN-PH-TH-2013-145, DCPT-13-86, IPPP-13-43, LPN13-036,
                        MAN-HEP-2013-12",
      SLACcitation   = "%%CITATION = ARXIV:1307.0007;%%"
}











@article{Krohn:2009th,
      author         = "Krohn, David and Thaler, Jesse and Wang, Lian-Tao",
      title          = "{Jet Trimming}",
      journal        = "JHEP",
      volume         = "02",
      year           = "2010",
      pages          = "084",
      doi            = "10.1007/JHEP02(2010)084",
     % eprint         = "0912.1342",
    %  archivePrefix  = "arXiv",
     % primaryClass   = "hep-ph",
      SLACcitation   = "%%CITATION = ARXIV:0912.1342;%%"
}


@article{Ellis:2009me,
      author         = "Ellis, Stephen D. and Vermilion, Christopher K. and
                        Walsh, Jonathan R.",
      title          = "{Recombination Algorithms and Jet Substructure: Pruning
                        as a Tool for Heavy Particle Searches}",
      journal        = "Phys. Rev.",
      volume         = "D81",
      year           = "2010",
      pages          = "094023",
      doi            = "10.1103/PhysRevD.81.094023",
    %  eprint         = "0912.0033",
    %  archivePrefix  = "arXiv",
    %  primaryClass   = "hep-ph",
      SLACcitation   = "%%CITATION = ARXIV:0912.0033;%%"
}






@article{Larkoski:2014wba,
      author         = "Larkoski, Andrew J. and Marzani, Simone and Soyez,
                        Gregory and Thaler, Jesse",
      title          = "{Soft Drop}",
      journal        = "JHEP",
      volume         = "05",
      year           = "2014",
      pages          = "146",
      doi            = "10.1007/JHEP05(2014)146",
     % eprint         = "1402.2657",
    %  archivePrefix  = "arXiv",
     % primaryClass   = "hep-ph",
      reportNumber   = "MIT-CTP-4531, DCPT-14-24, IPPP-14-12",
      SLACcitation   = "%%CITATION = ARXIV:1402.2657;%%"
}





@inproceedings{Beaudette:2014cea,
      author         = "Beaudette, Florian",
      title          = "{The CMS Particle Flow Algorithm}",
      booktitle      = "{Proceedings, International Conference on Calorimetry for
                        the High Energy Frontier (CHEF 2013): Paris, France, April
                        22-25, 2013}",
      collaboration  = "CMS",
      year           = "2013",
      url            = "https://inspirehep.net/record/1279774/files/arXiv:1401.8155.pdf",
      pages          = "295-304",
      eprint         = "1401.8155",
      archivePrefix  = "arXiv",
      primaryClass   = "hep-ex",
      SLACcitation   = "%%CITATION = ARXIV:1401.8155;%%"
}

@techreport{CMS-PAS-EXO-12-041,
      title         = "{Search for Pair-production of First Generation Scalar
                       Leptoquarks in pp Collisions at sqrt s = 8 TeV}",
      institution   = "CERN",
      collaboration = "CMS",
      address       = "Geneva",
      number        = "CMS-PAS-EXO-12-041",
      year          = "2014",
      reportNumber  = "CMS-PAS-EXO-12-041",
      url           = "https://cds.cern.ch/record/1742179",
}












